%% This BibTeX bibliography file was created using BibDesk.
%% http://bibdesk.sourceforge.net/


%% Created for nadineborchardt at 2020-03-15 12:34:15 -0400 


%% Saved with string encoding Unicode (UTF-8) 



@unpublished{segerer2008,
	Author = {Segerer, Guillaume},
	Date-Added = {2020-03-15 12:19:33 -0400},
	Date-Modified = {2020-03-15 12:33:10 -0400},
	Note = {https://halshs.archives-ouvertes.fr/halshs-00255943},
	Title = {Closed adjective classes and primary adjectives in {A}frican languages},
	Year = {2008}}

@incollection{dixon2004,
	Address = {Oxford},
	Author = {Dixon, R.M.W.},
	Booktitle = {Adjective classes: {A} cross-linguistic typology},
	Date-Added = {2020-03-15 12:01:44 -0400},
	Date-Modified = {2020-03-15 12:34:14 -0400},
	Editor = {Dixon, R.M.W. and Alexandra Y. Aikhenvald},
	Pages = {1-49},
	Publisher = {Oxford University Press},
	Title = {Adjective classes in typological perspective},
	Year = {2004}}

@incollection{anderson2015,
	Address = {K{\"o}ln},
	Author = {Anderson, Gregory D.S.},
	Booktitle = {Nilo-{S}aharan--models and descriptions},
	Date-Added = {2020-03-12 11:13:30 -0400},
	Date-Modified = {2020-03-12 11:17:40 -0400},
	Editor = {Mietzner, Angelika and Anne Storch},
	Pages = {151-167},
	Publisher = {R{\"u}diger K{\"o}ppe},
	Title = {STAMP morphs in {C}entral {S}udanic languages},
	Year = {2015}}

@incollection{thompson2007,
	Author = {Thompson, Sandra A. and Robert E. Longacre and Shin Ja J. Hwang},
	Booktitle = {Language typology and syntactic description},
	Date-Added = {2020-03-06 11:35:09 -0500},
	Date-Modified = {2020-03-06 11:38:37 -0500},
	Editor = {Shopen, Timothy},
	Pages = {237-300},
	Publisher = {Cambridge University Press},
	Title = {Adverbial clauses},
	Volume = {{2: Complex constructions}},
	Year = {2007}}

@article{spronck2017,
	Author = {Spronck, Stef},
	Date-Added = {2020-03-06 10:23:53 -0500},
	Date-Modified = {2020-03-06 10:25:21 -0500},
	Journal = {Journal of Pragmatics},
	Pages = {104-133},
	Title = {Defenestration: {D}econstructing the frame-in relation in Ungarinyin},
	Volume = {114},
	Year = {2017}}

@article{spronck2019,
	Author = {Spronck, Stef and Tatiana Nikitina},
	Date-Added = {2020-03-05 15:12:21 -0500},
	Date-Modified = {2020-03-05 15:13:34 -0500},
	Journal = {Linguistic Typology},
	Number = {1},
	Pages = {119-159},
	Title = {Reported speech forms a dedicated syntactic domain},
	Volume = {23},
	Year = {2019}}

@article{soulaimani2018,
	Author = {Soulaimani, Dris},
	Date-Added = {2020-03-05 15:09:51 -0500},
	Date-Modified = {2020-03-05 15:11:04 -0500},
	Journal = {Discourse Studies},
	Number = {3},
	Pages = {361-376},
	Title = {Talk, voice, and gestures in reported speech: toward an integrated approach},
	Volume = {20},
	Year = {2018}}

@article{dingemanse2015,
	Author = {Dingemanse, Mark},
	Date-Added = {2020-03-05 14:57:19 -0500},
	Date-Modified = {2020-03-05 15:00:18 -0500},
	Journal = {Studies in Language},
	Number = {4},
	Pages = {946-970},
	Title = {Ideophones and reduplication: {D}epiction, description, and the interpretation of repeated talk in discourse},
	Volume = {39},
	Year = {2015}}

@article{clark90,
	Author = {Clark, Herbert H. and Richard J. Gerrig},
	Date-Added = {2020-03-05 14:55:33 -0500},
	Date-Modified = {2020-03-05 14:56:50 -0500},
	Journal = {Language},
	Number = {4},
	Pages = {764-805},
	Title = {Quotations as demonstrations},
	Volume = {66},
	Year = {1990}}

@book{hetterle2015,
	Address = {Berlin, Boston},
	Author = {Hetterle, Katja},
	Date-Added = {2019-11-26 11:43:44 -0500},
	Date-Modified = {2020-03-03 11:15:03 -0500},
	Publisher = {Mouton de Gruyter},
	Title = {Adverbial clauses in cross-linguistic perspective},
	Year = {2015}}

@book{cristofaro2003,
	Address = {Oxford},
	Author = {Cristofaro, Sonia},
	Date-Added = {2019-11-26 11:41:24 -0500},
	Date-Modified = {2019-11-26 11:48:36 -0500},
	Publisher = {Oxford University Press},
	Series = {Oxford Studies in Typology and Linguistic Theory},
	Title = {Subordination},
	Year = {2003}}

@inproceedings{krifka99,
	Address = {Cornell},
	Author = {Krifka, Manfred},
	Booktitle = {Proceedings of {SALT} 8},
	Date-Added = {2019-11-25 11:55:20 -0500},
	Date-Modified = {2020-03-03 11:18:17 -0500},
	Pages = {111-128},
	Publisher = {CLC Publications},
	Title = {Additive particles under stress},
	Year = {1999}}

@incollection{grimmforthb,
	Author = {Grimm, Nadine},
	Booktitle = {The {O}xford handbook of determiners},
	Date-Added = {2019-08-08 10:16:14 -0400},
	Date-Modified = {2020-03-03 11:09:22 -0500},
	Editor = {Armoskaite, Solveiga and Martina Wiltschko},
	Publisher = {Oxford University Press},
	Title = {Bare nouns and reference tracking in {G}yeli ({B}antu)},
	Year = {{To appear}}}

@article{marlo2014,
	Author = {Marlo, Michael R. and David Odden},
	Date-Added = {2019-08-01 16:01:12 +0000},
	Date-Modified = {2019-08-01 16:02:20 +0000},
	Journal = {Africana Linguistica},
	Pages = {295-312},
	Title = {Bakweri tone melodies},
	Volume = {20},
	Year = {2014}}

@incollection{marlo2018,
	Address = {New York},
	Author = {Marlo, Michael R. and David Odden},
	Booktitle = {The {B}antu languages},
	Date-Added = {2019-07-30 16:36:37 +0000},
	Date-Modified = {2020-03-03 11:22:20 -0500},
	Edition = {2nd},
	Editor = {Van de Velde, Mark and Koen Bostoen and Derek Nurse and G{\'e}rard Philippson},
	Publisher = {Routledge},
	Title = {Tone},
	Year = {2018}}

@article{odden2014,
	Author = {Odden, David and Lee Bickmore},
	Date-Added = {2019-07-30 16:34:33 +0000},
	Date-Modified = {2019-07-30 16:35:59 +0000},
	Journal = {Africana Linguistica},
	Pages = {3-13},
	Title = {Melodic tone in {B}antu: overview},
	Volume = {20},
	Year = {2014}}

@inproceedings{grimm2019,
	Address = {Berlin},
	Author = {Grimm, Nadine},
	Booktitle = {Theory and description in {A}frican Linguistics. {P}roceedings of the 47th {A}nnual {C}onference of {A}frican {L}inguistics},
	Date-Added = {2019-07-19 14:33:19 +0000},
	Date-Modified = {2020-03-03 11:09:08 -0500},
	Editor = {Clem, Emily and Peter Jenks and Hannah Sande},
	Pages = {135-153},
	Publisher = {Language Science Press},
	Title = {Implosives in {B}antu {A}80? {T}he case of {G}yeli},
	Year = {2019}}

@incollection{downing2014,
	Address = {Oxford},
	Author = {Downing, Laura J. and Hyman, Larry M.},
	Booktitle = {The {O}xford handbook of information structure},
	Date-Added = {2018-12-15 22:31:43 +0000},
	Date-Modified = {2020-03-03 10:53:57 -0500},
	Editor = {F{\'e}ry, Caroline and Ishihara, Shinichiro},
	Pages = {790-813},
	Publisher = {Oxford University Press},
	Title = {Information structure in {B}antu},
	Year = {2014}}

@incollection{nuyts2016,
	Address = {Oxford},
	Author = {Nuyts, Jan},
	Booktitle = {The {O}xford handbook of modality and mood},
	Date-Added = {2018-12-15 19:02:57 +0000},
	Date-Modified = {2020-03-03 11:27:55 -0500},
	Editor = {Nuyts, Jan and van der Auwera, Johan},
	Publisher = {Oxford University Press},
	Title = {Surveying modality and mood: {A}n introduction},
	Year = {2016}}

@incollection{evans2006,
	Address = {Berlin},
	Author = {Evans, Nicholas and Dench, Alan Charles},
	Booktitle = {Catching language: the standing challenge of grammar writing},
	Date-Added = {2018-12-14 15:25:54 +0000},
	Date-Modified = {2020-03-03 11:03:46 -0500},
	Editor = {Ameka, Felix and Dench, Alan Charles and Evans, Nicholas},
	Pages = {1-39},
	Publisher = {Mouton de Gruyter},
	Title = {Catching language},
	Year = {2006}}

@book{doke1935,
	Address = {London},
	Author = {Doke, C.M.},
	Date-Added = {2018-12-08 17:07:38 +0000},
	Date-Modified = {2020-03-03 10:52:07 -0500},
	Publisher = {Longmans, Green \& Co.},
	Title = {Bantu linguistic terminology},
	Year = {1935}}

@phdthesis{woungly71,
	Author = {Woungly, Massaga M.},
	Date-Added = {2018-12-05 20:09:45 +0000},
	Date-Modified = {2018-12-05 20:25:23 +0000},
	School = {Universit{\'e} de Montpellier},
	Title = {Le dialecte ngumba: essai descriptif},
	Year = {1971}}

@article{lee2017,
	Author = {Lee, EunHee},
	Date-Added = {2018-12-04 15:53:55 +0000},
	Date-Modified = {2020-03-03 11:18:45 -0500},
	Journal = {Journal of Pragmatics},
	Pages = {76-90},
	Title = {Pluperfect in discourse: {W}hen and why do we go back in time?},
	Volume = {121},
	Year = {2017}}

@article{botne2006,
	Author = {Botne, Robert D.},
	Date-Added = {2018-11-28 18:49:57 +0000},
	Date-Modified = {2020-03-03 10:39:08 -0500},
	Journal = {Linguistic Typology},
	Number = {2},
	Pages = {233-278},
	Title = {To die across languages: {T}oward a typology of achievement verbs},
	Volume = {7},
	Year = {2006}}

@article{miestamo2007,
	Author = {Miestamo, Matti},
	Date-Added = {2018-11-24 19:48:14 +0000},
	Date-Modified = {2020-03-03 11:25:38 -0500},
	Journal = {Language and Linguistics Compass},
	Number = {5},
	Pages = {552-570},
	Title = {Negation--{A}n overview of typological research},
	Volume = {1},
	Year = {2007}}

@book{miestamo2005,
	Address = {Berlin},
	Author = {Miestamo, Matti},
	Date-Added = {2018-11-24 19:45:19 +0000},
	Date-Modified = {2020-03-03 11:25:32 -0500},
	Publisher = {Mouton de Gruyter},
	Title = {Standard negation: {T}he negation of declarative verbal main clauses in a typological perspective},
	Year = {2005}}

@inproceedings{grimm2014,
	Author = {Grimm, Nadine},
	Booktitle = {Proceedings of the 38th {A}nnual {M}eeting of the {B}erkeley {L}inguistics {S}ociety},
	Date-Added = {2018-11-21 20:16:39 +0000},
	Date-Modified = {2020-03-03 11:47:24 -0500},
	Editor = {Carpenter, Kayla and David, Oana and Lionnet, Florian and Sheil, Christine and Stark, Tammy and Wauters, Vivian},
	Pages = {31-46},
	Title = {Color categories in language contact: ``{P}ygmy'' hunter-gatherers and {B}antu farmers},
	Year = {2014}}

@article{anderson2011b,
	Author = {Anderson, Gregory D.S.},
	Date-Added = {2018-06-26 14:33:32 +0000},
	Date-Modified = {2020-03-03 10:33:43 -0500},
	Journal = {Studies in African Linguistics},
	Number = {1 and 2},
	Pages = {1-409},
	Title = {Auxiliary verb construction in the languages of {A}frica},
	Volume = {40},
	Year = {2011}}

@article{anderson2011a,
	Author = {Anderson, Gregory D.S.},
	Date-Added = {2018-06-26 14:31:38 +0000},
	Date-Modified = {2020-03-03 10:33:30 -0500},
	Journal = {Language and Linguistics Compass},
	Number = {11},
	Pages = {795--828},
	Title = {Auxiliary verb constructions (and other complex predicate types): {A} functional--constructional overview},
	Volume = {5},
	Year = {2011}}

@incollection{butt2010,
	Address = {Cambridge},
	Author = {Butt, Miriam},
	Booktitle = {Complex predicates: {C}ross-linguistic perspectives on event structure},
	Date-Added = {2018-06-21 15:59:33 +0000},
	Date-Modified = {2020-03-03 11:43:07 -0500},
	Editor = {Amberber, Mengistu and Brett Baker and Mark Harvey},
	Pages = {48-78},
	Publisher = {Cambridge University Press},
	Title = {The light verb jungle: {S}till hacking away},
	Year = {2010}}

@incollection{gueldemann2003,
	Address = {London},
	Author = {G{\"u}ldemann, Tom},
	Booktitle = {The {B}antu languages},
	Date-Added = {2018-04-03 16:05:13 +0000},
	Date-Modified = {2020-03-03 11:09:32 -0500},
	Editor = {Nurse, Derek and G{\'e}rard Philippson},
	Pages = {182-194},
	Publisher = {Routledge},
	Title = {Grammaticalization},
	Year = {2003}}

@book{bowden1992,
	Address = {Canberra},
	Author = {Bowden, John},
	Date-Added = {2018-02-22 17:02:54 +0000},
	Date-Modified = {2020-03-03 10:39:31 -0500},
	Publisher = {Australian National University},
	Title = {Behind the preposition. {G}rammaticalisation of locatives in {O}ceanic languages},
	Year = {1992}}

@incollection{kiessling2008,
	Author = {Kie{\ss}ling, Roland and Maarten Mous and Derek Nurse},
	Booktitle = {A linguistic geography of {A}frica},
	Date-Added = {2018-02-22 17:00:26 +0000},
	Date-Modified = {2020-03-03 11:17:35 -0500},
	Editor = {Heine, Bernd and Derek Nurse},
	Pages = {186-227},
	Publisher = {Cambridge University Press},
	Title = {The {T}anzanian {R}ift {V}alley},
	Year = {2008}}

@incollection{dryer2013b,
	Author = {Matthew S. Dryer},
	Booktitle = {{The World Atlas of Language Structures Online}},
	Date-Added = {2018-02-22 16:52:51 +0000},
	Date-Modified = {2020-03-03 10:56:23 -0500},
	Editor = {Matthew S. Dryer and Martin Haspelmath},
	Publisher = {Max Planck Institute for Evolutionary Anthropology},
	Title = {Order of adposition and noun phrase},
	Year = {2013}}

@article{basciano2011,
	Author = {Basciano, Bianca and Nancy C. Kula and Chiara Melloni},
	Date-Added = {2018-02-15 21:03:11 +0000},
	Date-Modified = {2020-03-03 10:25:17 -0500},
	Journal = {Rivista di Linguistica},
	Number = {2},
	Pages = {203-249},
	Title = {Modes of compounding in {B}antu, {R}omance and {C}hinese},
	Volume = {23},
	Year = {2011}}

@book{aikhenvald2003,
	Address = {Oxford},
	Author = {Aikhenvald, Alexandra Y.},
	Date-Modified = {2020-03-03 10:32:39 -0500},
	Publisher = {Oxford University Press},
	Title = {Classifiers: A typology of noun categorization devices},
	Year = 2003}

@book{alexandre55,
	Address = {Paris},
	Author = {Alexandre, Pierre},
	Date-Modified = {2020-03-03 10:24:06 -0500},
	Publisher = {Centre de Hautes {\'E}tudes Administratives sur l'Afrique et l'Asie Modernes},
	Title = {Manuel {\'e}l{\'e}mentaire de langue bulu},
	Year = 1955}

@incollection{alexandre66,
	Address = {Hamburg},
	Author = {Alexandre, Pierre},
	Booktitle = {{Neue Afrikanische Studien, Hamburger Beitr{\"a}ge zur Afrika-Kunde}},
	Editor = {Lukas, Johannes},
	Pages = {9-28},
	Publisher = {Deutsches Institut f{\"u}r Afrika-Forschung},
	Title = {Pr{\'e}liminaire {\`a} une pr{\'e}sentation des id{\'e}ophones bulu},
	Year = 1966}

@incollection{andrews2007,
	Address = {Cambridge},
	Author = {Andrews, Avery D.},
	Booktitle = {Language typology and syntactic description},
	Date-Modified = {2020-03-03 11:39:57 -0500},
	Editor = {Shopen, Timothy},
	Pages = {132-223},
	Publisher = {Cambridge University Press},
	Title = {The major functions of the noun phrase},
	Volume = {{1: Clause structure}},
	Year = 2007}

@phdthesis{angenot71,
	Author = {Angenot, J.P.},
	Date-Modified = {2020-03-03 10:09:06 -0500},
	School = {Rijksuniversiteit te Leiden},
	Title = {Aspects de la phon{\'e}tique et de la morphologie de l'ewondo},
	Year = {1971}}

@article{arkadiev2013,
	Author = {Arkadiev, Peter},
	Journal = {Baltic Linguistics},
	Number = 4,
	Pages = {39-77},
	Title = {From transitivity to aspect: the causative-inchoative alternation and its extensions in Lithuanian.},
	Year = 2013}

@misc{bahuchet2006,
	Author = {Bahuchet, Serge},
	Date-Modified = {2020-03-03 10:34:54 -0500},
	Howpublished = {Online. https://hal.archives-ouvertes.fr/hal-00548207/document},
	Month = {Aug},
	Title = {Languages of the {A}frican rainforest ``{P}ygmy'' hunter-gatherers: {L}anguage shifts without cultural admixture. {H}istorical linguistics and hunter-gatherers populations in global perspective. {M}ax-{P}lanck {I}nstitute, {L}eipzig},
	Year = 2006}

@book{baker2003,
	Address = {Cambridge},
	Author = {Baker, Mark C.},
	Date-Modified = {2020-03-03 10:35:09 -0500},
	Publisher = {Cambridge University Press},
	Title = {Lexical categories: verbs, nouns and adjectives},
	Year = 2003}

@book{bates04,
	Address = {London},
	Author = {Bates, George L.},
	Date-Modified = {2020-03-03 10:35:23 -0500},
	Publisher = {Richard Clay and Sons},
	Title = {Handbook of {B}ulu},
	Year = 1904}

@incollection{beavon91,
	Address = {Dallas},
	Author = {Beavon, Keith H.},
	Booktitle = {Tense and aspect in eight languages of {C}ameroon},
	Date-Modified = {2020-03-03 10:35:49 -0500},
	Editor = {Anderson, Stephen C. and Bernard Comrie},
	Pages = {47-104},
	Publisher = {Summer Institute of Linguistics and University of Texas at Arlington},
	Title = {Kɔɔzime verbal system},
	Year = 1991}

@misc{beavon2006,
	Address = {Yaound{\'e}},
	Author = {Beavon, Keith H.},
	Date-Modified = {2020-03-03 10:35:57 -0500},
	Howpublished = {SIL Cameroon},
	Title = {A phonology of {N}jyem},
	Year = {2006}}

@book{berlin69,
	Address = {Berkeley, Los Angeles},
	Author = {Berlin, Brent and Paul Kay},
	Date-Modified = {2020-03-03 10:36:12 -0500},
	Publisher = {University of California},
	Title = {Basic color terms: their universality and evolution},
	Year = 1969}

@book{bhat94,
	Address = {Amsterdam},
	Author = {Bhat, D.N.S.},
	Date-Modified = {2020-03-03 11:41:00 -0500},
	Publisher = {John Benjamins},
	Title = {The adjectival category: {C}riteria for differentiation and identification},
	Year = 1994}

@incollection{bhat2000,
	Address = {Berlin},
	Author = {Bhat, D.N.S.},
	Booktitle = {Approaches to the typology of word classes},
	Date-Modified = {2020-03-03 10:36:48 -0500},
	Editor = {Vogel, Petra M. and Bernard Comrie},
	Pages = {47-63},
	Publisher = {Mouton de Gruyter},
	Title = {Word classes and sentential functions},
	Year = 2000}

@incollection{bhat2000b,
	Address = {Berlin, New York},
	Author = {Bhat, D.N.S. and Regina Pustet},
	Booktitle = {{M}orphologie. Ein internationales {H}andbuch zur {F}lexion und {W}ortbildung/{M}orphology. {A}n international handbook on inflection and word-formation},
	Date-Modified = {2020-03-03 11:41:39 -0500},
	Editor = {Booij, Geert et al.},
	Pages = {757-769},
	Publisher = {Walter de Gruyter},
	Title = {Adjectives},
	Volume = {1},
	Year = 2000}

@book{blazek99,
	Address = {Brno},
	Author = {Bla\v{z}ek, V\'{a}clav},
	Date-Modified = {2020-03-03 10:37:59 -0500},
	Publisher = {Masarykova Univerzita},
	Title = {Numerals: comparative-etymological analyses of numerical systems and their implications},
	Year = 1999}

@incollection{blevins95,
	Address = {Cambridge MA, Oxford},
	Author = {Blevins, Juliette},
	Booktitle = {The handbook of phonological theory},
	Date-Modified = {2020-03-03 11:42:04 -0500},
	Editor = {Goldsmith, John A.},
	Pages = {206-244},
	Publisher = {Blackwell},
	Title = {The syllable in phonological theory},
	Year = 1995}

@techreport{blood99,
	Address = {Yaound{\'e}},
	Author = {Blood, Cynthia},
	Institution = {Ministry of Scientific and Technical Research},
	Title = {The {O}ku noun class system},
	Url = {http://www.silcam.org/documents/oku_blood1999_2350_p.pdf},
	Year = {1999},
	Bdsk-Url-1 = {http://www.silcam.org/documents/oku_blood1999_2350_p.pdf}}

@book{borchardt11,
	Address = {Wiesbaden},
	Author = {Borchardt, Nadine},
	Date-Modified = {2020-03-03 10:38:39 -0500},
	Number = 37,
	Publisher = {Harrassowitz},
	Series = {Asien- und Afrikastudien der Humboldt-Unversit{\"a}t zu Berlin},
	Title = {The numeral system of {I}kaan, a {B}enue-{C}ongo language of {N}igeria},
	Year = 2011}

@article{bostoen2011,
	Author = {Bostoen, Koen and L{\'e}on Mundeke},
	Journal = {Journal of African Languages and Linguistics},
	Number = 32,
	Pages = {179-218},
	Title = {The causative/applicative syncretism in {M}buun ({B}antu {B}87, {DRC}): {S}emantic split or phonemic merger?},
	Year = 2011}

@incollection{botne83,
	Address = {Paris},
	Author = {Botne, Robert D.},
	Booktitle = {Le kinyarwanda, langue bantu du {R}wanda: \'Etudes linguistiques},
	Date-Modified = {2020-03-03 10:38:59 -0500},
	Editor = {Jouannet, Francis},
	Pages = {149-180},
	Publisher = {SELAF},
	Title = {On the notion `inchoative verb' in {K}inyarwanda},
	Year = 1983}

@incollection{bowerman92,
	Address = {Nijmegen},
	Author = {Bowerman, Melissa and Eric Pederson},
	Booktitle = {{Space stimuli kit 1.2}},
	Editor = {Levinson, Stephen C.},
	Publisher = {Max-Planck Institute for Psycholinguistics},
	Title = {Topological relations picture series},
	Volume = {51},
	Year = 1992}

@phdthesis{braginsky2008,
	Author = {Braginsky, Pavel},
	Date-Modified = {2020-03-03 10:39:50 -0500},
	School = {Bar-Ilan University, Israel},
	Title = {The semantics of the prefix {ZA}- in Russian},
	Year = 2008}

@book{bybee94,
	Address = {Chicago},
	Author = {Bybee, Joan L. and Revere Perkins and William Pagliuca},
	Date-Modified = {2020-03-03 10:40:24 -0500},
	Publisher = {University of Chicago Press},
	Title = {The evolution of grammar: {T}ense, aspect and modality in the languages of the world},
	Year = 1994}

@article{chacha2007,
	Author = {Chacha Mwita, Leonard},
	Journal = {UCLA {W}orking {P}apers in {P}honetics},
	Number = 106,
	Pages = {58-67},
	Title = {Prenasalization and the {IPA}},
	Year = 2007}

@phdthesis{cheucle2014,
	Author = {Cheucle, Marion},
	School = {Universit{\'e} Lumi{\`e}re Lyon 2},
	Title = {{\'E}tude comparative des langues makaa- njem (bantu {A}80) : phonologie, morphologie, lexique. Vers une reconstruction du proto-{A}80},
	Year = 2014}

@incollection{clements90,
	Address = {Cambridge},
	Author = {Clements, George N.},
	Booktitle = {{Papers in Laboratory Phonology I: Between the grammar and physics of speech}},
	Date-Modified = {2020-03-03 10:40:55 -0500},
	Editor = {Kingston, John and Mary E. Beckman},
	Pages = {283-333},
	Publisher = {Cambridge University Press},
	Title = {The role of the sonority cycle in core syllabification},
	Year = 1990}

@incollection{clements2002,
	Address = {Berlin},
	Author = {Clements, George N. and Sylvester Osu},
	Booktitle = {Laboratory {P}honology 7},
	Date-Modified = {2020-03-03 10:41:28 -0500},
	Editor = {Gussenhoven, Carlos and Natasha Warner},
	Pages = {299-350},
	Publisher = {Mouton de Gruyter},
	Title = {Explosives, implosives, and nonexplosives: the linguistic function of air pressure differences in stops},
	Year = 2002}

@book{comrie76,
	Address = {Cambridge},
	Author = {Comrie, Bernard},
	Date-Modified = {2020-03-03 10:41:50 -0500},
	Publisher = {Cambridge University Press},
	Title = {Aspect. {A}n introduction to the study of verbal aspect and related problems},
	Year = 1976}

@book{comrie85,
	Address = {Cambridge},
	Author = {Comrie, Bernard},
	Publisher = {Cambridge University Press},
	Title = {Tense},
	Year = 1985}

@book{comrie89,
	Address = {Chicago},
	Author = {Comrie, Bernard},
	Date-Modified = {2020-03-03 10:42:08 -0500},
	Edition = {Second},
	Publisher = {University of Chicago Press},
	Title = {Language universals and linguistic typology. {S}yntax and morphology},
	Year = 1989}

@incollection{comrie05,
	Address = {Oxford},
	Author = {Comrie, Bernard},
	Booktitle = {{The World Atlas of Language Structures Online}},
	Date-Modified = {2020-03-03 11:59:17 -0500},
	Editor = {Haspelmath, Martin and Matt Dryer and David Gil and Bernard Comrie},
	Note = {Map 131},
	Publisher = {Oxford University Press},
	Title = {Numeral bases},
	Year = 2005}

@book{corbett91,
	Address = {Cambridge},
	Author = {Corbett, Greville G.},
	Publisher = {Cambridge University Press},
	Title = {Gender},
	Year = 1991}

@book{corbett06,
	Address = {Cambridge, New York},
	Author = {Corbett, Greville G.},
	Edition = {Cambridge Textbooks in Linguistics},
	Publisher = {Cambridge University Press},
	Title = {Agreement},
	Year = 2006}

@incollection{wals-32,
	Address = {Leipzig},
	Author = {Corbett, Greville G.},
	Booktitle = {{The World Atlas of Language Structures Online}},
	Date-Modified = {2020-03-03 11:35:21 -0500},
	Editor = {Haspelmath, Martin and Matt Dryer and David Gil and Bernard Comrie},
	Note = {Map 32},
	Publisher = {Max Planck Institute for Evolutionary Anthropology},
	Title = {Systems of gender assignment},
	Url = {http://wals.info/chapter/32},
	Year = {2013},
	Bdsk-Url-1 = {http://wals.info/chapter/32}}

@incollection{contini2000,
	Address = {Amsterdam, Philadelphia},
	Author = {Contini-Morava, Ellen},
	Booktitle = {Between grammar and lexicon},
	Date-Modified = {2020-03-03 10:42:22 -0500},
	Editor = {Contini-Morava, Ellen and Yishai Tobin},
	Pages = {3-30},
	Publisher = {Benjamins},
	Title = {Noun class as number in {S}wahili},
	Year = 2000}

@incollection{costa2008,
	Address = {Amsterdam},
	Author = {Costa, J. and Nancy C. Kula},
	Booktitle = {The {B}antu - {R}omance connection},
	Date-Modified = {2020-03-03 10:42:48 -0500},
	Editor = {De Cat, C{\'e}cile and Katherine Demuth},
	Pages = {293-322},
	Publisher = {John Benjamins},
	Title = {Focus at the interface: {E}vidence from {R}omance and {B}antu},
	Year = 2008}

@incollection{creissels2008,
	Address = {Cambridge},
	Author = {Creissels, Denis and Gerrit J. Dimmendaal and Zygmunt Frajzyngier and Christa K{\"o}nig},
	Booktitle = {A linguistic geography of {A}frica},
	Date-Modified = {2020-03-03 10:43:06 -0500},
	Editor = {Heine, Bernd and Derek Nurse},
	Pages = {86-150},
	Publisher = {Cambridge University Press},
	Title = {Africa as a morphosyntactic area},
	Year = 2008}

@inproceedings{curnow2001,
	Author = {Curnow, Timothy J.},
	Booktitle = {Proceedings of the 1999 Conference of the {A}ustralian {L}inguistic {S}ociety},
	Date-Modified = {2020-03-03 10:43:33 -0500},
	Editor = {Henderson, John},
	Title = {Towards a cross-linguistic typology of copula constructions.},
	Url = {http://www.als.asn.au/proceedings/als1999/proceedings.html},
	Year = 2001,
	Bdsk-Url-1 = {http://www.als.asn.au/proceedings/als1999/proceedings.html}}

@book{dahl85,
	Address = {Oxford},
	Author = {Dahl, {\"O}sten},
	Date-Modified = {2020-03-03 10:43:42 -0500},
	Publisher = {Basil Blackwell},
	Title = {Tense and aspect systems},
	Year = 1985}

@book{dahl2000,
	Address = {Berlin, New York},
	Author = {Dahl, {\"O}sten (ed.)},
	Date-Modified = {2020-03-03 10:44:03 -0500},
	Publisher = {Mouton de Gruyter},
	Title = {Tense and aspect in the languages of {E}urope. {E}mpirical approaches to language typology},
	Year = 2000}

@incollection{daniel2013,
	Address = {Leipzig},
	Author = {Michael Daniel and Edith Moravcsik},
	Booktitle = {{The World Atlas of Language Structures Online}},
	Date-Modified = {2020-03-03 10:44:21 -0500},
	Editor = {Matthew S. Dryer and Martin Haspelmath},
	Publisher = {Max Planck Institute for Evolutionary Anthropology},
	Title = {The associative plural},
	Url = {http://wals.info/chapter/36},
	Year = {2013},
	Bdsk-Url-1 = {http://wals.info/chapter/36}}

@misc{devin2015,
	Author = {Devin, Luis},
	Date-Modified = {2020-03-03 11:44:49 -0500},
	Howpublished = {Online: http://www.pygmies.org/bakola-bagyeli/, accessed on February 3, 2015},
	Title = {{B}akola-{B}agyeli pygmies},
	Url = {http://www.pygmies.org/bakola-bagyeli/},
	Year = {2015},
	Bdsk-Url-1 = {http://www.pygmies.org/bakola-bagyeli/}}

@book{dik97,
	Address = {Berlin, New York},
	Author = {Dik, SImon C.},
	Date-Modified = {2020-03-03 10:45:01 -0500},
	Publisher = {Mouton de Gruyter},
	Series = {Functional Grammar Series 20},
	Title = {The theory of functional grammar. {P}art I: {T}he structure of the clause},
	Year = 1997}

@incollection{dimmendaal95,
	Address = {Aba},
	Author = {Dimmendaal, Gerrit},
	Booktitle = {Issues in {A}frican languages and linguistics},
	Date-Modified = {2020-03-03 10:51:45 -0500},
	Editor = {Emenanjo, Nolue J. and {Ozo-mekuri} Ndimele},
	Pages = {30-38},
	Publisher = {NINLAN},
	Title = {Metatony in {B}enue-{C}ongo: {S}ome further evidence for an original augment},
	Year = 1995}

@phdthesis{dingemanse2011,
	Author = {Dingemanse, Mark},
	School = {Radboud University Nijmegen},
	Title = {The meaning and use of ideophones in {S}iwu},
	Year = 2011}

@incollection{downing99,
	Address = {Oxford},
	Author = {Downing, Laura J.},
	Booktitle = {Studies on the phonological word},
	Date-Modified = {2020-03-03 10:53:07 -0500},
	Editor = {Hall, T. Alan and Ursula Kleinhenz},
	Pages = {73-98},
	Publisher = {Oxford University Press},
	Title = {Prosodic stem $\neq$ prosodic word in {B}antu},
	Year = 1999}

@incollection{downing2005,
	Address = {Berlin, New York},
	Author = {Downing, Laura J.},
	Booktitle = {The internal organization of phonological segments},
	Date-Modified = {2020-03-03 10:53:26 -0500},
	Editor = {{van Oostendorp}, Marc and Jeroen {van de Wijer}},
	Pages = {183-216},
	Publisher = {Mouton de Gruyter},
	Title = {On the ambiguous segmental status in homorganic {NC} sequences},
	Year = 2005}

@article{downing2010,
	Author = {Downing, Laura and Kristina Riedel and Annie Rialland and C{\'e}dric Patin and Jean-Marc Beltzung and Martial Embanga Aborobongui and G{\'e}rard Philippson and Sophie Manus},
	Date-Modified = {2020-03-03 10:53:35 -0500},
	Journal = {{ZAS Papers in Linguistics}},
	Number = {53},
	Pages = {243-250},
	Title = {Relative clause questionnaire},
	Year = 2010}

@incollection{dryer97,
	Address = {Amsterdam},
	Author = {Dryer, Matthew S.},
	Booktitle = {Essays on language function and language type: {D}edicated to T. {G}iv{\'o}n},
	Date-Modified = {2020-03-03 10:54:24 -0500},
	Editor = {Bybee, Joan and John Haiman and Sandra Thompson},
	Pages = {115-143},
	Publisher = {John Benjamins},
	Title = {Are grammatical relations universal?},
	Year = 1997}

@incollection{dryer2007,
	Address = {Cambridge},
	Author = {Dryer, Matthew S.},
	Booktitle = {Language typology and syntactic description},
	Date-Modified = {2020-03-03 10:54:53 -0500},
	Editor = {Shopen, Timothy},
	Pages = {151-205},
	Publisher = {Cambridge University Press},
	Title = {Noun phrase structure},
	Volume = {2: Complex constructions},
	Year = 2007}

@incollection{dryer2007a,
	Address = {Cambridge},
	Author = {Dryer, Matthew S.},
	Booktitle = {Language typology and syntactic description},
	Date-Modified = {2020-03-03 10:55:06 -0500},
	Editor = {Shopen, Timothy},
	Pages = {224-275},
	Publisher = {Cambridge University Press},
	Title = {Clause types},
	Volume = {1: Clause structure},
	Year = 2007}

@incollection{dryer2007b,
	Address = {Cambridge},
	Author = {Dryer, Matthew S.},
	Booktitle = {Language typology and syntactic description},
	Date-Modified = {2020-03-03 10:55:22 -0500},
	Editor = {Shopen, Timothy},
	Pages = {61-131},
	Publisher = {Cambridge University Press},
	Title = {Word order},
	Volume = {1: Clause structure},
	Year = 2007}

@incollection{dryer2013,
	Address = {Leipzig},
	Author = {Matthew S. Dryer and Orin D. Gensler},
	Booktitle = {{The World Atlas of Language Structures Online}},
	Date-Modified = {2020-03-03 10:55:40 -0500},
	Editor = {Matthew S. Dryer and Martin Haspelmath},
	Publisher = {Max Planck Institute for Evolutionary Anthropology},
	Title = {Order of object, oblique, and verb},
	Url = {http://wals.info/chapter/84},
	Year = {2013},
	Bdsk-Url-1 = {http://wals.info/chapter/84}}

@incollection{dryer2013a,
	Address = {Leipzig},
	Author = {Matthew S. Dryer},
	Booktitle = {{The World Atlas of Language Structures Online}},
	Date-Modified = {2020-03-03 10:56:05 -0500},
	Editor = {Matthew S. Dryer and Martin Haspelmath},
	Publisher = {Max Planck Institute for Evolutionary Anthropology},
	Title = {Relationship between the order of object and verb and the order of adposition and noun phrase},
	Url = {http://wals.info/chapter/95},
	Year = {2013},
	Bdsk-Url-1 = {http://wals.info/chapter/95}}

@misc{duke2014,
	Author = {Duke, Daniel},
	Date-Modified = {2020-03-03 11:00:11 -0500},
	Howpublished = {Presented at the 44th Colloquium on {A}frican {L}anguages and {L}inguistics, {L}eiden, {N}etherlands},
	Title = {Phonology and identity among {G}yele speakers},
	Year = 2014}

@article{dumestre98,
	Author = {Dumestre, G{\'e}rard},
	Journal = {Faits de Langues: Revue de Linguistique},
	Number = 11,
	Pages = {321-333},
	Title = {Les id{\'e}ophones: le cas du bambara},
	Year = 1998}

@incollection{dwyer2003,
	Address = {Trenton},
	Author = {Dwyer, David and Lioba Moshi},
	Booktitle = {The linguistic typology and representation of {A}frican languages},
	Date-Modified = {2020-03-03 11:02:15 -0500},
	Editor = {Mugane, John M.},
	Pages = {173-185},
	Publisher = {Africa World Press},
	Series = {Trends in African Linguistics},
	Title = {Primary and grammaticalized ideophones},
	Volume = {5},
	Year = 2003}

@incollection{evans2000,
	Address = {Berlin, New York},
	Author = {Evans, Nicholas},
	Booktitle = {{M}orphologie. Ein internationales {H}andbuch zur {F}lexion und {W}ortbildung/{M}orphology. {A}n international handbook on inflection and word-formation},
	Date-Modified = {2020-03-03 11:56:40 -0500},
	Editor = {Booij, Geert et al.},
	Pages = {708-732},
	Publisher = {Walter de Gruyter},
	Title = {Word classes in the world's languages},
	Volume = {1},
	Year = 2000}

@incollection{fiedler2010,
	Address = {Oxford},
	Author = {Fiedler, Ines and Katharina Hartmann and Brigitte Reineke and Anne Schwarz and Malte Zimmermann},
	Booktitle = {Information structure. {T}heoretical, typological, and experimental perspectives},
	Date-Modified = {2020-03-03 11:04:05 -0500},
	Editor = {Zimmermann, Malte and Caroline F{\'e}ry},
	Pages = {234-257},
	Publisher = {Oxford University Press},
	Title = {Subject focus in {W}est {A}frican languages},
	Year = 2010}

@article{fomogne2014,
	Author = {Fomogne-Fodjo, M.C.Y. and S. Van Vuuren and D.T. Ndinteh and R.W.M. Krause and D.K. Olivier},
	Date-Modified = {2020-03-03 11:04:31 -0500},
	Journal = {Journal of Ethnopharmacology},
	Number = {1},
	Pages = {123-131},
	Title = {Antibacterial activities of plants from {C}entral {A}frica used traditionally by the {B}akola pygmies for treating respiratory and tuberculosis-related symptoms},
	Volume = {155},
	Year = 2014}

@article{germond2012,
	Author = {Germond-Duret, Celine},
	Date-Modified = {2020-03-03 11:46:40 -0500},
	Journal = {International Journal on Minority and Group Rights},
	Number = {2},
	Pages = {129-151},
	Title = {From {A}vatar to reality: {D}evelopment, environment and the representation of {C}ameroonian pygmies},
	Volume = {19},
	Year = 2012}

@incollection{gil05,
	Address = {Oxford},
	Author = {Gil, David},
	Booktitle = {{The World Atlas of Language Structures Online}},
	Date-Modified = {2020-03-03 12:00:17 -0500},
	Editor = {Haspelmath, Martin and Matt Dryer and David Gil and Bernard Comrie},
	Note = {Map 54},
	Publisher = {Oxford University Press},
	Title = {Distributive numerals},
	Year = 2005}

@incollection{gil2013,
	Address = {Oxford},
	Author = {Gil, David},
	Booktitle = {Flexible word classes: {T}ypological studies of underspecified parts of speech},
	Date-Modified = {2020-03-03 11:05:46 -0500},
	Editor = {Rijkhoff, Jan and Eva van Lier},
	Pages = {89-130},
	Publisher = {Oxford University Press},
	Title = {Riau {I}ndonesian: {A} language without nouns and verbs},
	Year = 2013}

@article{good2005,
	Author = {Good, Jeffrey},
	Journal = {Diachronica},
	Number = {22},
	Pages = {3-57},
	Title = {Reconstructing morpheme order in {B}antu: the case of causativization and applicativization},
	Year = 2005}

@incollection{good2007,
	Address = {Oxford},
	Author = {Good, Jeffrey},
	Booktitle = {Deponency and morphological mismatches},
	Date-Modified = {2020-03-03 11:06:06 -0500},
	Editor = {Baerman, Matthew and Greville G. Corbett and Dunstan Brown and Andrew Hippisley},
	Pages = {203-230},
	Publisher = {Oxford University Press},
	Title = {Slouching towards deponency: {A} family of mismatches in the {B}antu verb stem},
	Year = 2007}

@incollection{greenberg78,
	Address = {Stanford},
	Author = {Greenberg, Joseph H.},
	Booktitle = {Universals of human language},
	Date-Modified = {2020-03-03 11:07:51 -0500},
	Editor = {Greenberg, Joseph H. and Charles A. Ferguson and Edith Moravcsik},
	Pages = {250-295},
	Publisher = {Stanford University Press},
	Title = {Numeral systems},
	Volume = {3. Word structure},
	Year = 1978}

@incollection{greenberg00,
	Address = {Berlin, New York},
	Author = {Greenberg, Joseph H.},
	Booktitle = {Morphologie. Ein internationales {H}andbuch zur {F}lexion und {W}ortbildung/{M}orphology. {A}n international handbook on inflection and word-formation},
	Date-Modified = {2020-03-03 11:07:31 -0500},
	Editor = {Booij, Gert and Christian Lehmann and Joachim Mugdan},
	Pages = {770-782},
	Publisher = {Mouton de Gruyter},
	Title = {Numeral},
	Volume = 1,
	Year = 2000}

@article{guldemann2000,
	Address = {K{\"o}ln},
	Author = {G{\"u}ldemann, Tom},
	Date-Modified = {2020-03-03 11:09:55 -0500},
	Journal = {{Afrikanistische Arbeitspapiere}},
	Number = {63},
	Pages = {5-33},
	Title = {Noun categorization in Non-{K}hoe lineages of {K}hoisan},
	Year = 2000}

@article{guldemann2001,
	Address = {Leipzig},
	Author = {G{\"u}ldemann, Tom},
	Journal = {{University of Leipzig Papers on Africa, Languages and Literatures}},
	Number = {16},
	Pages = {1-50},
	Title = {Phonological regularities of consonant systems across {K}hoisan lineages},
	Year = 2001}

@incollection{guldemann2007,
	Address = {Berlin},
	Author = {G{\"u}ldemann, Tom},
	Booktitle = {Focus strategies in {A}frican languages: the interaction of focus and grammar in {N}iger-{C}ongo and {A}fro-{A}siatic},
	Date-Modified = {2020-03-03 11:10:35 -0500},
	Editor = {Aboh, Enoch O. and Katharina Hartmann and Malte Zimmermann},
	Pages = {83-111},
	Publisher = {Mouton de Gruyter},
	Series = {Trends in Linguistics - Studies and Monographs 191},
	Title = {Preverbal objects and information structure in {B}enue-{C}ongo},
	Year = 2007}

@book{guldemann2008,
	Address = {Berlin, New York},
	Author = {G{\"u}ldemann, Tom},
	Date-Modified = {2020-03-03 11:10:57 -0500},
	Number = 34,
	Publisher = {Mouton de Gruyter},
	Series = {Empirical Approaches to Language Typology},
	Title = {Quotative indexes in {A}frican languages: {A} synchronic and diachronic survey},
	Year = 2008}

@incollection{guldemann11,
	Address = {Amsterdam},
	Author = {G{\"u}ldemann, Tom},
	Booktitle = {Geographical typology and linguistic areas, with special reference to {A}frica},
	Date-Modified = {2020-03-03 11:09:45 -0500},
	Editor = {Hieda, Osamu and Christa K{\"o}nig and Hirosi Nakagawa},
	Pages = {109-141},
	Publisher = {John Benjamins},
	Series = {Studies in Linguistics 2},
	Title = {Proto-{B}antu and {P}roto-{N}iger-{C}ongo: macro-areal typology and linguistic reconstruction},
	Year = 2011}

@article{guldemann2015,
	Author = {G{\"u}ldemann, Tom and Sabine Zerbian and Malte Zimmermann},
	Date-Modified = {2020-03-03 11:11:14 -0500},
	Journal = {Annual Review of Linguistics},
	Number = {1},
	Pages = {155-178},
	Title = {Variation in information structure with special reference to {A}frica},
	Year = 2015}

@book{guthrie67,
	Address = {Farnborough},
	Author = {Guthrie, Malcolm},
	Date-Modified = {2020-03-03 11:11:45 -0500},
	Publisher = {Gregg International Publishers},
	Title = {Comparative {B}antu: {A}n introduction to the comparative linguistics and prehistory of the {B}antu languages},
	Volume = {1},
	Year = 1967}

@book{guthrie71,
	Address = {Farnborough},
	Author = {Guthrie, Malcolm},
	Date-Modified = {2020-03-03 11:12:15 -0500},
	Publisher = {Gregg International Publishers},
	Title = {Comparative {B}antu: {A}n introduction to the comparative linguistics and prehistory of the {B}antu languages},
	Volume = {2},
	Year = 1971}

@book{gvozdanovic99,
	Address = {Berlin},
	Author = {Gvozdanovi\'{c}, Jadranka},
	Date-Modified = {2020-03-03 11:12:26 -0500},
	Number = 118,
	Publisher = {Mouton de Gruyter},
	Series = {Trends in Linguistics: Studies and Monographs},
	Title = {Numeral types and changes worldwide},
	Year = 1999}

@incollection{hadermann2005,
	Address = {Tervuren},
	Author = {Hadermann, P.},
	Booktitle = {Studies in {A}frican comparative linguistics, with special focus on {B}antu and {M}ande},
	Date-Modified = {2020-03-03 11:12:56 -0500},
	Editor = {Bostoen, Koen and Jacky Maniacky},
	Pages = {397-410},
	Publisher = {Mus{\'e}e Royal de l'Afrique Centrale},
	Title = {El{\'e}ments segmentaux et supra-segmentaux pour marquer la fonction ``object'' dans quelques langues bantoues},
	Year = 2005}

@book{haspelmath05,
	Address = {Oxford},
	Editor = {Haspelmath, Martin and Matt Dryer and David Gil and Bernard Comrie},
	Publisher = {Oxford University Press},
	Title = {{World Atlas of Language Structures}},
	Year = 2005}

@incollection{haspelmath2007,
	Address = {Cambridge},
	Author = {Haspelmath, Martin},
	Booktitle = {Language typology and syntactic description},
	Date-Modified = {2020-03-03 11:13:19 -0500},
	Editor = {Shopen, Timothy},
	Pages = {1-51},
	Publisher = {Cambridge University Press},
	Title = {Coordination},
	Volume = {2: Complex constructions},
	Year = 2007}

@incollection{haspelmath2009,
	Address = {Berlin},
	Author = {Haspelmath, Martin and Uri Tadmor},
	Booktitle = {Loanwords in the world's languages. {A} comparative handbook},
	Date-Modified = {2020-03-03 11:13:39 -0500},
	Editor = {Haspelmath, Martin and Uri Tadmor},
	Pages = {1-34},
	Publisher = {Mouton de Gruyter},
	Title = {The {L}oanword {T}ypology project and the {W}orld {L}oanword {D}atabase},
	Year = 2009}

@book{haspelmath2010,
	Address = {London},
	Author = {Haspelmath, Martin and Andrea D.\ Sims},
	Date-Modified = {2020-03-03 11:13:49 -0500},
	Edition = {Second},
	Publisher = {Hodder Education},
	Title = {Understanding morphology},
	Year = 2010}

@incollection{heath2003,
	Address = {London},
	Author = {Heath, Teresa},
	Booktitle = {The {B}antu languages},
	Date-Modified = {2020-03-03 11:14:02 -0500},
	Editor = {Nurse, Derek and G{\'e}rard Philippson},
	Pages = {335-348},
	Publisher = {Routledge},
	Title = {Makaa ({A}83)},
	Year = 2003}

@incollection{heine82,
	Address = {T{\"u}bingen},
	Author = {Heine, Bernd},
	Booktitle = {Apprehension: {D}as sprachliche {E}rfassen von {G}egenst{\"a}nden, {T}eil I: {B}ereich und {O}rdnung der {P}h{\"a}nomene},
	Date-Modified = {2020-03-03 11:14:34 -0500},
	Editor = {Seiler, Hansjakob and Christian Lehmann},
	Pages = {189-216},
	Publisher = {Narr},
	Series = {Language Universals Series 1},
	Title = {African noun class systems},
	Volume = {1},
	Year = 1982}

@phdthesis{henson2007,
	Address = {Bekerley},
	Author = {Henson, Bonnie J.},
	Date-Modified = {2020-03-03 11:14:48 -0500},
	School = {University of California},
	Title = {The phonology and morphosyntax of {K}ol},
	Type = {PhD Thesis},
	Year = 2007}

@book{hockett58,
	Address = {New York},
	Author = {Hockett, C.F.},
	Date-Modified = {2020-03-03 11:15:13 -0500},
	Publisher = {MacMillan},
	Title = {A course in modern linguistics},
	Year = 1958}

@book{hurford75,
	Address = {Cambridge, New York},
	Author = {Hurford, James},
	Date-Modified = {2020-03-03 11:15:22 -0500},
	Number = 16,
	Publisher = {Cambridge University Press},
	Series = {Cambridge studies in linguistics},
	Title = {The linguistic theory of numerals},
	Year = 1975}

@book{hyman85,
	Address = {Dordrecht},
	Author = {Hyman, Larry M.},
	Publisher = {Foris},
	Series = {Cambridge studies in linguistics},
	Title = {A theory of phonological weight},
	Year = 1985}

@incollection{hyman93,
	Address = {Amsterdam, Philadelphia},
	Author = {Hyman, Larry M.},
	Booktitle = {Topics in {A}frican linguistics},
	Date-Modified = {2020-03-03 11:15:36 -0500},
	Editor = {Mufwene, Salikoko S. and Lioba Moshi},
	Pages = {3-34},
	Publisher = {Benjamins},
	Title = {Conceptual issues in the comparative study of the {B}antu verb stem},
	Year = 1993}

@incollection{hyman2001,
	Address = {Tokyo},
	Author = {Hyman, Larry M.},
	Booktitle = {Cross-linguistic studies of tonal phenomena: {T}onogenesis, {J}apanese accentology, and other topics},
	Date-Modified = {2020-03-03 11:16:04 -0500},
	Editor = {Kaji, Shigeki},
	Pages = {237-257},
	Publisher = {Institute for the Study of Languages and Cultures},
	Title = {Privative tone in {B}antu},
	Year = 2001}

@incollection{hyman2003,
	Address = {London},
	Author = {Hyman, Larry M.},
	Booktitle = {The {B}antu languages},
	Date-Modified = {2020-03-03 11:16:14 -0500},
	Editor = {Nurse, Derek and G{\'e}rard Philippson},
	Pages = {42-58},
	Publisher = {Routledge},
	Title = {Segmental phonology},
	Year = 2003}

@article{hyman2011,
	Author = {Hyman, Larry M. and Florian Lionnet},
	Journal = {UC Berkeley Phonology Lab Annual Report},
	Pages = {168-182},
	Title = {Metatony in {A}bo ({B}ankon), {A}42},
	Year = 2011}

@article{hyman2013,
	Author = {Hyman, Larry M.},
	Date-Modified = {2020-03-03 11:16:46 -0500},
	Journal = {UC Berkeley Phonology Lab Annual Report},
	Pages = {2-16},
	Title = {Disentangling conjoint, disjoint, metatony, tone cases, augments, prosody, and focus in {B}antu},
	Year = 2013}

@book{jackendoff90,
	Address = {Cambridge, MA},
	Author = {Jackendoff, Ray S.},
	Date-Modified = {2020-03-03 11:16:52 -0500},
	Publisher = {MIT Press},
	Title = {Semantic structures},
	Year = 1990}

@book{jespersen04,
	Address = {Leipzig, Berlin},
	Author = {Jespersen, Otto},
	Date-Modified = {2020-03-03 11:16:59 -0500},
	Publisher = {Teubner},
	Title = {Lehrbuch der {P}honetik},
	Year = 1904}

@article{joiris94,
	Author = {Joiris, Daou V.},
	Date-Modified = {2020-03-03 11:50:22 -0500},
	Journal = {African Study Monographs},
	Number = {2},
	Pages = {83-95},
	Title = {Elements of techno-economic changes among the sedentarised {B}agyeli pygmies (south-west {C}ameroon)},
	Volume = {15},
	Year = 1994}

@book{kemmer93,
	Address = {Amsterdam, Philadelphia},
	Author = {Kemmer, Suzanne},
	Date-Modified = {2020-03-03 11:17:19 -0500},
	Number = 23,
	Publisher = {John Benjamins},
	Series = {Typological Studies in Language},
	Title = {The middle voice},
	Year = 1993}

@incollection{kisseberth2003,
	Address = {London},
	Author = {Kisseberth, Charles and David Odden},
	Booktitle = {The {B}antu languages},
	Date-Modified = {2020-03-03 11:17:46 -0500},
	Editor = {Nurse, Derek and G{\'e}rard Philippson},
	Pages = {59-70},
	Publisher = {Routledge},
	Title = {Tone},
	Year = 2003}

@article{klein95,
	Author = {Klein, Wolfgang},
	Journal = {Language},
	Number = {71/4},
	Pages = {669-695},
	Title = {A time-relational analysis of {R}ussian aspect},
	Year = 1995}

@incollection{klein2009,
	Address = {Berlin},
	Author = {Klein, Wolfgang},
	Booktitle = {The expression of time},
	Date-Modified = {2020-03-03 11:18:07 -0500},
	Editor = {Klein, Wolfgang and Ping Li},
	Pages = {39-82},
	Publisher = {Mouton de Gruyter},
	Title = {How time is encoded},
	Year = 2009}

@incollection{tamm2006,
	Address = {Oxford},
	Author = {Koptjevskaja-Tamm, Maria},
	Booktitle = {{Encyclopedia of Language and Linguistics}},
	Edition = {Second},
	Editor = {Brown, Keith},
	Pages = {720-724},
	Publisher = {Elsevier},
	Title = {Nouns},
	Volume = {8},
	Year = 2006}

@misc{lecentre2014,
	Author = {{Le Centre des Nations Unies pour les Droits de l'homme et la D{\'e}mocratie en Afrique centrale}},
	Date-Modified = {2020-03-03 11:18:38 -0500},
	Howpublished = {Online},
	Note = {http://www.cnudhd.org/index.php?option=com\_content\&view=article\&id=264\%3Akribi-droits-de-lhomme-les-experts-examinent-la-situation-des-peuples-autochtones-du-cameroun\&Itemid=155, accessed August 27, 2015},
	Title = {Kribi, droits de l'homme: les expert examinent la situation des peuple autochtones du {C}ameroun},
	Year = {2014}}

@incollection{lehmann2000,
	Address = {Berlin, New York},
	Author = {Lehmann, Christian and Edith Moravcsik},
	Booktitle = {Morphologie. {E}in internationales {H}andbuch zur {F}lexion und {W}ortbildung/{M}orphology. {A}n international handbook on inflection and word-formation},
	Date-Modified = {2020-03-03 11:51:08 -0500},
	Editor = {Booij, Geert et al.},
	Pages = {732-757},
	Publisher = {Walter de Gruyter},
	Title = {Noun},
	Volume = {1},
	Year = 2000}

@article{letouzey75,
	Author = {Letouzey, Ren{\'e}},
	Journal = {Journal d'agriculture tropicale et de botanique appliqu{\'e}e},
	Number = {1},
	Pages = {23-45},
	Title = {Noms d'abres des pygm{\'e}es bagielli dans le sud-ouest du {C}ameroun},
	Volume = {22},
	Year = 1995}

@book{levin2005,
	Address = {Cambridge},
	Author = {Levin, Beth and Malka Rappaport Hovav},
	Date-Modified = {2020-03-03 11:19:43 -0500},
	Publisher = {Cambridge University Press},
	Series = {Research Surveys in Linguistics},
	Title = {Argument realization},
	Year = 2005}

@incollection{levinson93,
	Address = {Nijmegen},
	Author = {Levinson, Stephen C. and Bernadette Schmitt},
	Booktitle = {{Cognition and space kit version 1.0}},
	Date-Modified = {2020-03-03 11:20:02 -0500},
	Editor = {Levinson, Stephen C.},
	Pages = {65-69},
	Publisher = {Max-Planck Institute for Psycholinguistics},
	Title = {Animals in a row},
	Year = 1993}

@book{lewis09,
	Address = {Dallas, Tx},
	Author = {Lewis, M. Paul},
	Date-Modified = {2020-03-03 11:20:13 -0500},
	Edition = {Sixteenth},
	Publisher = {SIL International},
	Title = {Ethnologue: {L}anguages of the world},
	Url = {http://www.ethnologue.com},
	Year = 2009,
	Bdsk-Url-1 = {http://www.ethnologue.com}}

@misc{lorenz2014,
	Author = {Lorenz, Christopher},
	Howpublished = {Documentary},
	Note = {http://www.lorenzfilm.de/dokumentarfilm.html, accessed February 3, 2015},
	Title = {Bakola/{B}agyeli},
	Year = {2014}}

@incollection{maddieson2003a,
	Address = {London},
	Author = {Maddieson, Ian},
	Booktitle = {The {B}antu languages},
	Date-Modified = {2020-03-03 11:20:30 -0500},
	Editor = {Nurse, Derek and G{\'e}rard Philippson},
	Pages = {15-41},
	Publisher = {Routledge},
	Title = {The sounds of the {B}antu languages},
	Year = 2003}

@incollection{maddieson2013,
	Address = {Leipzig},
	Author = {Ian Maddieson},
	Booktitle = {{The World Atlas of Language Structures Online}},
	Date-Modified = {2020-03-03 11:20:42 -0500},
	Editor = {Matthew S. Dryer and Martin Haspelmath},
	Publisher = {Max Planck Institute for Evolutionary Anthropology},
	Title = {Tone},
	Url = {http://wals.info/chapter/13},
	Year = {2013},
	Bdsk-Url-1 = {http://wals.info/chapter/13}}

@article{maho2001,
	Author = {Maho, Jouni F.},
	Journal = {Africa \& Asia},
	Number = {1},
	Pages = {40-49},
	Title = {The {B}antu area: (towards cleaning up) a mess},
	Year = 2001}

@misc{maho2009,
	Author = {Maho, Jouni F.},
	Date-Modified = {2020-03-03 11:21:06 -0500},
	Howpublished = {Online: http://goto.glocalnet.net/mahopapers/nuglonline.pdf},
	Title = {New updated {G}uthrie list},
	Url = {http://goto.glocalnet.net/mahopapers/nuglonline.pdf},
	Year = {2009},
	Bdsk-Url-1 = {http://goto.glocalnet.net/mahopapers/nuglonline.pdf}}

@incollection{majid2007a,
	Address = {Nijmegen},
	Author = {Majid, Asifa and Stephen C. Levinson},
	Booktitle = {{Field manual}},
	Date-Modified = {2020-03-03 11:52:12 -0500},
	Editor = {Majid, Asifa},
	Pages = {22-25},
	Publisher = {Max-Planck Institute for Psycholinguistics},
	Title = {The language of vision {I}: colour},
	Volume = {10},
	Year = 2007}

@incollection{majid2007b,
	Address = {Nijmegen},
	Author = {Majid, Asifa and Gunter Senft and Stephen C. Levinson},
	Booktitle = {Field manual},
	Date-Modified = {2020-03-03 11:21:23 -0500},
	Editor = {Majid, Asifa},
	Pages = {36-41},
	Publisher = {Max-Planck Institute for Psycholinguistics},
	Title = {The language of olfaction},
	Volume = {10},
	Year = 2007}

@incollection{makasso2012,
	Address = {Somerville, MA},
	Author = {Makasso, Emmanuel-Moselly},
	Booktitle = {Proceedings of the 42nd {A}nnual {C}onference on {A}frican {L}inguistics},
	Date-Modified = {2020-03-03 11:21:47 -0500},
	Editor = {Marlo, Michael R. and Nikki Adams and Christopher Green and Michelle Morrison and Tristan Purvis},
	Pages = {15-22},
	Publisher = {Cascadilla Proceedings Project},
	Title = {Metatony in {B}asaa},
	Year = 2012}

@incollection{maldonado2009,
	Address = {M{\'e}xico},
	Author = {Maldonado, Ricardo},
	Booktitle = {Studies in role and reference grammar},
	Date-Modified = {2020-03-03 11:22:05 -0500},
	Editor = {Guerrero, Lilian and Sergio Ib{\'a}{\~n}ez and Valeria Belloro},
	Pages = {1-31},
	Publisher = {Instituto de Investigaciones Filol{\'o}gicas, UNAM},
	Title = {Middle as a basic voice system},
	Url = {http://ricardomaldonado.weebly.com/uploads/2/7/6/3/2763410/maldonado-rrg2007_final_review.pdf},
	Year = 2009,
	Bdsk-Url-1 = {http://ricardomaldonado.weebly.com/uploads/2/7/6/3/2763410/maldonado-rrg2007_final_review.pdf}}

@inproceedings{marten03,
	Address = {K{\"o}ln},
	Author = {Marten, Lutz},
	Booktitle = {Actes du 3e congr{\`e}s mondial de linguistique africaine {L}om{\'e} 2000},
	Date-Modified = {2020-03-03 11:23:13 -0500},
	Editor = {Lé̋bikaza, K{\'e}zi{\'e} K.},
	Pages = {207-221},
	Publisher = {R{\"u}diger K{\"o}ppe},
	Title = {The dynamics of {B}antu applied verbs: {A}n analysis at the syntax-pragmatics interface},
	Year = 2003}

@article{marten05,
	Author = {Marten, Lutz},
	Date-Modified = {2020-03-03 11:23:38 -0500},
	Journal = {Lingua},
	Number = 115,
	Pages = {527-547},
	Title = {The dynamics of agreement and conjunction},
	Year = 2005}

@article{marten2012,
	Author = {Marten, Lutz and Nancy C. Kula},
	Journal = {Southern African Linguistics and Applied Language Studies},
	Number = 2,
	Pages = {237-253},
	Title = {Object marking and morphosyntactic variation in {B}antu},
	Volume = 30,
	Year = 2012}

@incollection{matthewson2012,
	Address = {Cambridge, MA},
	Author = {Matthewson, Lisa},
	Booktitle = {{Proceedings of Sinn und Bedeutung 16}},
	Date-Modified = {2020-03-03 11:23:55 -0500},
	Pages = {431-446},
	Publisher = {MIT Working Papers in Linguistics},
	Title = {On the (non-)future orientation of modals},
	Volume = 2,
	Year = 2012}

@article{mauclere2011,
	Author = {Maucl{\`e}re, Philippe and Philippe V. Afonso and Laurent Meertens and Sabine Plancoulaine},
	Date-Modified = {2020-03-03 11:24:26 -0500},
	Journal = {Journal of Infectious Diseases},
	Number = {9},
	Pages = {1316-1323},
	Title = {HTLV-2B strains, similar to those found in several {A}merindian tribes, are endemic in {C}entral {A}frican {B}akola pygmies},
	Volume = {203},
	Year = 2011}

@misc{mauri2008,
	Author = {Mauri, Caterina},
	Date-Modified = {2020-03-03 11:24:51 -0500},
	Howpublished = {Presented at Syntax of the World's Languages III in Berlin},
	Title = {The cross-linguistic coding of coordination relations},
	Year = 2008}

@book{mcarthur2005,
	Address = {Oxford},
	Author = {McArthur, Tom},
	Date-Modified = {2020-03-03 11:25:06 -0500},
	Publisher = {Oxford University Press},
	Title = {Concise {O}xford companion to the {E}nglish language},
	Year = 2005}

@article{melchert80,
	Author = {Melchert, H. Craig},
	Journal = {Linguistics},
	Number = 18,
	Pages = {635-654},
	Title = {Some aspects of `aspect' in {M}andarin {C}hinese},
	Year = 1980}

@book{mve2011,
	Address = {K{\"o}ln},
	Author = {Medjo Mv{\'e}, Pither},
	Date-Modified = {2020-03-03 09:56:58 -0500},
	Publisher = {R{\"u}diger K{\"o}ppe},
	Series = {Grammatical Analyses of African Languages},
	Title = {Introduction {\`a} la langue et la culture des chasseurs-cueilleurs bakoya},
	Volume = {40},
	Year = 2011}

@article{meeussen67,
	Author = {Meeussen, Achille Emile},
	Date-Modified = {2020-03-03 11:25:14 -0500},
	Journal = {Africana Linguistica},
	Number = 3,
	Pages = {79-121},
	Title = {Bantu grammatical reconstruction},
	Year = 1967}

@incollection{mikkelsen2011,
	Address = {Berlin},
	Author = {Mikkelsen, Line},
	Booktitle = {Semantics: {A}n international handbook of natural language meaning},
	Date-Modified = {2020-03-03 11:25:57 -0500},
	Editor = {Maienborn, Claudia and Klaus von Heusinger and Paul Portner},
	Pages = {1805-1829},
	Publisher = {Mouton de Gruyter},
	Title = {Copular clauses},
	Volume = {2},
	Year = 2011}

@article{nelson2004,
	Author = {Nelson, John and Belmond Tchouomba},
	Journal = {Cultural Survival Quarterly},
	Title = {Pipelines, parks, and people},
	Url = {http://search.proquest.com/docview/197448500?accountid=13567},
	Volume = {47},
	Year = 2004,
	Bdsk-Url-1 = {http://search.proquest.com/docview/197448500?accountid=13567}}

@incollection{newman2001,
	Address = {Amsterdam},
	Author = {Newman, Paul},
	Booktitle = {Ideophones},
	Editor = {Voletz, Erhard F.K. and Christa Kilian-Hatz},
	Pages = {251-258},
	Publisher = {John Benjamins},
	Title = {Are ideophones really as weird and extra-systemic as linguists make them out to be?},
	Year = 2001}

@misc{ngueum2012,
	Address = {Yaound{\'e}},
	Author = {Ngue Um, Emmanuel},
	Howpublished = {unpublished manuscript},
	Title = {Bakola sketch grammar},
	Year = {2012}}

@article{ngima2001,
	Author = {Ngima Mawoung, Godefroy},
	Journal = {African Study Monographs},
	Number = {Suppl.26},
	Pages = {209-235},
	Title = {The relationship between the {B}akola and the {B}antu peoples of the coastal regions of {C}ameroon and their preception of commercial forest exploitation},
	Year = 2001}

@book{nichols92,
	Address = {Chicago},
	Author = {Nichols, Johana},
	Date-Modified = {2020-03-03 11:26:35 -0500},
	Publisher = {Chicago University Press},
	Title = {Linguistic diversity in space and time},
	Year = 1992}

@incollection{nichols2013,
	Address = {Leipzig},
	Author = {Nichols, Johanna and Balthasar Bickel},
	Booktitle = {{The World Atlas of Language Structures Online}},
	Date-Modified = {2020-03-03 11:26:45 -0500},
	Editor = {Dryer, Matthew S. and Martin Haspelmath},
	Publisher = {Max Planck Institute for Evolutionary Anthropology},
	Title = {Possessive classification},
	Url = {http://wals.info/chapter/59},
	Year = {2013},
	Bdsk-Url-1 = {http://wals.info/chapter/59}}

@incollection{noonan2007,
	Address = {Cambridge},
	Author = {Noonan, Michael},
	Booktitle = {Language typology and syntactic description},
	Date-Modified = {2020-03-03 11:27:03 -0500},
	Editor = {Shopen, Timothy},
	Pages = {52-150},
	Publisher = {Cambridge University Press},
	Title = {Complementation},
	Volume = {2: Complex constructions},
	Year = 2007}

@misc{ntaryike2015,
	Author = {Ntaryike, Divine},
	Howpublished = {African {B}usiness {M}agazine {O}nline},
	Note = {http://africanbusinessmagazine.com/sectors/infrastructure/kribi-ports-promises-on-hold/, accessed August 27, 2015},
	Title = {Kribi port's promises on hold},
	Year = {2015}}

@incollection{nurse03,
	Address = {London},
	Author = {Nurse, Derek and G{\'e}rard Philippson},
	Booktitle = {The {B}antu languages},
	Date-Modified = {2020-03-03 11:27:24 -0500},
	Editor = {Nurse, Derek and G{\'e}rard Philippson},
	Pages = {1-12},
	Publisher = {Routledge},
	Title = {Introduction},
	Year = 2003}

@book{nurse08,
	Address = {Oxford, New York},
	Author = {Nurse, Derek},
	Date-Modified = {2020-03-03 11:27:33 -0500},
	Publisher = {Oxford University Press},
	Title = {Tense and aspect in {B}antu},
	Year = 2008}

@article{patin2011,
	Author = {Patin, C{\'e}dric and Kristina Riedel},
	Date-Modified = {2020-03-03 11:28:08 -0500},
	Journal = {{ZAS Papers in Linguistics}},
	Number = {55},
	Pages = {161-170},
	Title = {Question types questionnaire},
	Year = 2011}

@article{patrick12,
	Author = {Patrick, Richard},
	Date-Modified = {2020-03-03 11:28:34 -0500},
	Journal = {Classical, Biblical and Oriental Journal},
	Number = {7/8},
	Title = {A chart of ten numerals in two hundred tongues: with a descriptive essay},
	Year = 1812}

@article{pelican2009,
	Author = {Pelican, Michaela},
	Date-Modified = {2020-03-03 11:28:42 -0500},
	Journal = {American Ethnologist},
	Number = 1,
	Pages = {52-65},
	Title = {Complexities of indigeneity and autochthony: {A}n {A}frican example},
	Volume = 36,
	Year = 2009}

@article{peterson97,
	Author = {Peterson, David A.},
	Date-Modified = {2020-03-03 11:28:59 -0500},
	Journal = {Proceedings of the Annual Meeting of the Berkeley Linguistics Society},
	Number = 23,
	Pages = {278-289},
	Title = {The evolution of applicative constructions and {P}roto-{A}ustronesian morphosyntax},
	Year = 1997}

@book{petzell2008,
	Address = {K{\"o}ln},
	Author = {Petzell, Malin},
	Date-Modified = {2020-03-03 11:29:21 -0500},
	Publisher = {R{\"u}diger K{\"o}ppe},
	Title = {The {K}agulu language of {T}anzania. {G}rammar, texts and vocabulary},
	Year = 2008}

@incollection{polinsky2013,
	Address = {Leipzig},
	Author = {Polinsky, Maria},
	Booktitle = {{The World Atlas of Language Structures Online}},
	Date-Modified = {2020-03-03 11:29:36 -0500},
	Editor = {Matthew S. Dryer and Martin Haspelmath},
	Publisher = {Max Planck Institute for Evolutionary Anthropology},
	Title = {Applicative constructions},
	Url = {http://wals.info/chapter/109},
	Year = {2013},
	Bdsk-Url-1 = {http://wals.info/chapter/109}}

@book{renaud76,
	Address = {Yaound{\'e}},
	Author = {Renaud, Patrick},
	Date-Modified = {2020-03-03 11:30:09 -0500},
	Publisher = {Les dossiers de l'ALCAM},
	Title = {Le {B}ajeli. {P}honologie, morphologie nominale},
	Volume = {1 and 2},
	Year = 1976}

@article{riedel2012,
	Author = {Riedel, Kristina and Lutz Marten},
	Journal = {Southern African Linguistics and Applied Language Studies},
	Number = 2,
	Pages = {277-292},
	Title = {Locative object marking and the argument-adjunct distinction},
	Volume = 30,
	Year = 2012}

@book{rijkhoff2002,
	Address = {Oxford, New York},
	Author = {Rijkhoff, Jan},
	Date-Modified = {2020-03-03 11:30:22 -0500},
	Number = 37,
	Publisher = {Oxford University Press},
	Series = {Oxford Studies in Typology and Linguistic Theory},
	Title = {The noun phrase},
	Year = 2002}

@misc{roberts2006,
	Author = {Roberts, James and Keith Snider},
	Date-Modified = {2020-03-03 11:30:35 -0500},
	Institution = {{SIL} International},
	Title = {{SIL} comparative {A}frican wordlist},
	Url = {https://www.eva.mpg.de/lingua/tools-at-lingboard/pdf/Snider_silewp2006-005.pdf},
	Year = {2006},
	Bdsk-Url-1 = {https://www.eva.mpg.de/lingua/tools-at-lingboard/pdf/Snider_silewp2006-005.pdf}}

@incollection{rubino05,
	Address = {Oxford},
	Author = {Rubino, Carl},
	Booktitle = {{The World Atlas of Language Structures Online}},
	Date-Modified = {2020-03-03 11:59:55 -0500},
	Editor = {Haspelmath, Martin and Matt Dryer and David Gil and Bernard Comrie},
	Note = {Map 27},
	Publisher = {Oxford University Press},
	Title = {Reduplication},
	Year = 2005}

@book{ruhlen94,
	Address = {New York},
	Author = {Ruhlen, Merritt},
	Date-Modified = {2020-03-03 11:31:01 -0500},
	Publisher = {John Wiley \& Sons},
	Title = {The origin of language: {T}racing the evolution of the mother tongue},
	Year = 1994}

@article{sasse2002,
	Author = {Sasse, Hans-J{\"u}rgen},
	Journal = {Linguistic Typology},
	Number = 6,
	Pages = {199-271},
	Title = {Recent activity in the theory of aspect: {A}ccomplishments, achievements, or just non-progressive state?},
	Year = 2002}

@incollection{schachter2007,
	Address = {Cambridge},
	Author = {Schachter, Paul and Timothy Shopen},
	Booktitle = {Language typology and syntactic description},
	Date-Modified = {2020-03-03 11:31:27 -0500},
	Editor = {Shopen, Timothy},
	Pages = {1-60},
	Publisher = {Cambridge University Press},
	Title = {Parts-of-speech systems},
	Volume = {1: Clause structure},
	Year = 2007}

@incollection{schadeberg95,
	Address = {Aba},
	Author = {Schadeberg, Thilo},
	Booktitle = {Issues in {A}frican languages and linguistics},
	Date-Modified = {2020-03-03 11:31:43 -0500},
	Editor = {{'Nolue} Emenanjo J. and {Ozo-mekuri} Ndimele},
	Pages = {173-180},
	Publisher = {NINLAN},
	Title = {Object diagnostics in {B}antu},
	Year = 1995}

@incollection{schadeberg2003,
	Address = {London},
	Author = {Schadeberg, Thilo C.},
	Booktitle = {The {B}antu languages},
	Date-Modified = {2020-03-03 11:31:52 -0500},
	Editor = {Nurse, Derek and G{\'e}rard Philippson},
	Pages = {71-89},
	Publisher = {Routledge},
	Title = {Derivation},
	Year = 2003}

@article{seiwert26,
	Author = {Seiwert, P. Johannes},
	Journal = {Anthropos},
	Number = {1/2},
	Pages = {127-147},
	Title = {Die {B}agielli, ein {P}ygm{\"a}enstamm des {K}ameruner {U}rwaldes},
	Volume = {21},
	Year = 1926}

@incollection{selkirk84,
	Address = {Cambridge, Mass.},
	Author = {Selkirk, Elisabeth},
	Booktitle = {Language sound structure},
	Editor = {Aronoff, Mark and Richard T. Oerhle},
	Pages = {107-136},
	Publisher = {MIT Press},
	Title = {On the major class features and syllable theory},
	Year = 1984}

@incollection{senft2007,
	Address = {Nijmegen},
	Author = {Senft, Gunter and Asifa Majid Stephen C. Levinson},
	Booktitle = {Field manual},
	Date-Modified = {2020-03-03 11:32:12 -0500},
	Editor = {Majid, Asifa},
	Pages = {42-45},
	Publisher = {Max-Planck Institute for Psycholinguistics},
	Title = {The language of taste},
	Volume = {10},
	Year = 2007}

@incollection{siewierska2013,
	Address = {Leipzig},
	Author = {Siewierska, Anna},
	Booktitle = {{The World Atlas of Language Structures Online}},
	Date-Modified = {2020-03-03 11:32:23 -0500},
	Editor = {Matthew S. Dryer and Martin Haspelmath},
	Publisher = {Max Planck Institute for Evolutionary Anthropology},
	Title = {Passive constructions},
	Url = {http://wals.info/chapter/107},
	Year = {2013},
	Bdsk-Url-1 = {http://wals.info/chapter/107}}

@misc{skopeteas2006,
	Address = {Potsdam},
	Author = {Skopeteas, Stavros and Ines Fiedler and Sam Hellmuth and Anne Schwarz and Ruben Stoel and Gisbert Fanselow and Caroline F{\'e}ry and Manfred Krifka},
	Date-Modified = {2020-03-03 11:32:32 -0500},
	Institution = {ISIS Vol. 4},
	Publisher = {Universit{\"a}tsverlag Potsdam},
	Title = {Questionnaire on information structure ({QUIS})},
	Year = {2006}}

@book{song96,
	Address = {London, New York},
	Author = {Jae Jung Song},
	Date-Modified = {2020-03-03 11:32:54 -0500},
	Publisher = {Mouton den Gruyter},
	Series = {Routledge},
	Title = {Causatives and causation: {A} universal-typological perspective},
	Year = 1996}

@incollection{song2013,
	Address = {Leipzig},
	Author = {Jae Jung Song},
	Booktitle = {{The World Atlas of Language Structures Online}},
	Date-Modified = {2020-03-03 11:33:05 -0500},
	Editor = {Matthew S. Dryer and Martin Haspelmath},
	Publisher = {Max Planck Institute for Evolutionary Anthropology},
	Title = {Nonperiphrastic causative constructions},
	Url = {http://wals.info/chapter/111},
	Year = {2013},
	Bdsk-Url-1 = {http://wals.info/chapter/111}}

@article{stassen84,
	Author = {Stassen, Leon},
	Date-Modified = {2020-03-03 11:33:13 -0500},
	Journal = {Journal of Semantics},
	Number = {3},
	Pages = {143-182},
	Title = {The comparative compared},
	Year = 1984}

@incollection{stolz05,
	Address = {Oxford},
	Author = {Stolz, Thomas and Ljuba N. Veselinova},
	Booktitle = {{The World Atlas of Language Structures Online}},
	Date-Modified = {2020-03-03 11:33:28 -0500},
	Editor = {Haspelmath, Martin and Matt Dryer and David Gil and Bernard Comrie},
	Note = {Map 53},
	Publisher = {Oxford University Press},
	Title = {Ordinal numerals},
	Year = 2005}

@article{swing2012,
	Author = {Swing, Kelly and Veronica Davidov and Brendan Schwartz},
	Date-Modified = {2020-03-03 11:33:57 -0500},
	Journal = {Journal of Developing Societies},
	Number = {2},
	Pages = {257-280},
	Title = {Oil development on traditional lands of indigenous peoples. {C}oinciding perceptions on two continents},
	Volume = {28},
	Year = 2012}

@incollection{talmy2007,
	Address = {Cambridge},
	Author = {Talmy, Leonard},
	Booktitle = {Language typology and syntactic description},
	Date-Modified = {2020-03-03 11:54:55 -0500},
	Editor = {Shopen, Timothy},
	Pages = {66-168},
	Publisher = {Cambridge University Press},
	Title = {Lexical typologies},
	Volume = {3: {G}rammatical categories and the lexicon},
	Year = 2007}

@misc{thomopoulos2012,
	Author = {Thomopoulos, Nikos},
	Howpublished = {Documentary},
	Title = {To be or not to be {B}agyeli},
	Year = {2012}}

@article{thornell2004,
	Author = {Thornell, Christina and Yasuko Nagano-Madsen},
	Journal = {Africa \& Asia},
	Number = 4,
	Pages = {163-180},
	Title = {Preliminaries to the phonetic structure of the {B}antu language {M}piemo},
	Year = 2004}

@incollection{timberlake2007,
	Address = {Cambridge},
	Author = {Timberlake, Alan},
	Booktitle = {Language typology and syntactic description},
	Date-Modified = {2020-03-03 11:34:47 -0500},
	Editor = {Shopen, Timothy},
	Pages = {280-333},
	Publisher = {Cambridge University Press},
	Title = {Aspect, tense, mood},
	Volume = {3: Grammatical categories and the lexicon},
	Year = 2007}

@book{velde2008,
	Address = {Berlin, New York},
	Author = {Van de Velde, Mark},
	Date-Modified = {2020-03-03 11:34:58 -0500},
	Number = 46,
	Publisher = {Mouton den Gruyter},
	Series = {Mouton Grammar Library},
	Title = {A grammar of {E}ton},
	Year = 2008}

@incollection{velde2013,
	Address = {Amsterdam},
	Author = {Van de Velde, Mark},
	Booktitle = {The genitive},
	Date-Modified = {2020-03-03 11:35:06 -0500},
	Editor = {Carlier, Anne and Jean-Christophe Verstraete},
	Pages = {217-252},
	Publisher = {John Benjamins},
	Title = {The {B}antu connective construction},
	Year = 2013}

@incollection{viberg2006,
	Address = {Oxford},
	Author = {Viberg, Ake},
	Booktitle = {{Encyclopedia of Language and Linguistics}},
	Edition = {Second},
	Editor = {Brown, Keith},
	Pages = {408-411},
	Publisher = {Elsevier},
	Title = {Verbs},
	Volume = {13},
	Year = 2006}

@book{wegener2012,
	Address = {Berlin},
	Author = {Wegener, Claudia},
	Date-Modified = {2020-03-03 11:35:29 -0500},
	Number = 61,
	Publisher = {Mouton de Gryuter},
	Series = {Mouton Grammar Library},
	Title = {A grammar of {S}avosavo},
	Year = 2012}

@book{westermann07,
	Address = {Berlin},
	Author = {Westermann, Diedrich H.},
	Date-Modified = {2020-03-03 11:35:37 -0500},
	Publisher = {Dietrich Reimer},
	Title = {Grammatik der {E}we-{S}prache},
	Year = 1907}

@article{wichaya2013,
	Author = {Wichaya, Bovonwiwat},
	Journal = {Journal of the Southeast Asian Linguistics Society},
	Number = 6,
	Pages = {35-53},
	Title = {Aspects in {F}engshun {H}akka spoken in {T}hailand: perfective, experiential, and inchoative},
	Year = 2013}

@incollection{wilkins96,
	Address = {New York},
	Author = {Wilkins, David P.},
	Booktitle = {The comparative method reviewed: {R}egularity and irregularity in language change},
	Date-Modified = {2020-03-03 11:36:11 -0500},
	Editor = {Durie, Mark and Malcom Ross},
	Pages = {264-304},
	Publisher = {Oxford University Press},
	Title = {Natural tendencies of semantic change and the search for cognates},
	Year = 1996}

@incollection{williamson2000,
	Address = {Cambridge},
	Author = {Williamson, Kay and Roger Blench},
	Booktitle = {African languages. {A}n introduction},
	Date-Modified = {2020-03-03 11:36:24 -0500},
	Editor = {Heine, Bernd and Derek Nurse},
	Pages = {11-42},
	Publisher = {Cambridge University Press},
	Title = {Niger-{C}ongo},
	Year = 2000}

@misc{worldbank2015,
	Author = {Worldbank},
	Date-Modified = {2020-03-03 11:36:34 -0500},
	Howpublished = {Online},
	Note = {http://www.worldbank.org/projects/P000348/hevecam-rubber-project-02?lang=en, accessed August 27, 2015},
	Title = {HEVECAM rubber project (2)},
	Year = {2015}}

@misc{worldres2015,
	Author = {{World Resources Institute}},
	Date-Modified = {2020-03-03 11:36:43 -0500},
	Howpublished = {Online},
	Note = {http://www.wri.org/applications/maps/forestatlas/cmr/index.htm? maptheme=cameroon\#v=atlas\&l=fr\&init=y, accessed August 27, 2015},
	Title = {Forest atlas of {C}ameroon},
	Year = {2015}}

@book{yip2002,
	Address = {Cambridge},
	Author = {Yip, Moira},
	Publisher = {Cambridge University Press},
	Series = {Cambridge Textbooks in Linguistics},
	Title = {Tone},
	Year = 2002}

@incollection{zerbian2008,
	Address = {Bingley},
	Author = {Zerbian, Sabine and Manfred Krifka},
	Booktitle = {Quantification. {A} cross-linguistic perspective},
	Date-Modified = {2020-03-03 11:37:04 -0500},
	Editor = {Matthewson, Lisa},
	Pages = {383-414},
	Publisher = {Emerald},
	Series = {North-Holland Linguistic Series: Linguistic Variations},
	Title = {Quantification across {B}antu languages},
	Volume = {64},
	Year = 2008}
